@inproceedings{shulman2014pretty,
  title={Pretty bad privacy: Pitfalls of DNS encryption},
  author={Shulman, Haya},
  booktitle={Proceedings of the 13th Workshop on Privacy in the Electronic Society},
  pages={191--200},
  year={2014},
  organization={ACM}
}


